3104 5182
626 1653 782 1721 CAPUT
816 1653 1035 1735 QUINTUM

715 1889 758 1954 lle
778 1889 952 1955 intellectu.

287 2416 496 2487 Aristoteles
520 2419 770 2504 Empedoclem
796 2421 1026 2506 reprehendit
1063 2419 1159 2505 quod
1192 2416 1222 2484 is
1237 2417 1422 2484 censuerit

245 2554 340 2620 idenr
358 2572 436 2619 esse
452 2572 576 2638 sapere
597 2560 631 2621 et
646 2553 778 2620 sentire
799 2552 860 2639 (l).
879 2542 1110 2640 Empedocles
1132 2558 1252 2618 tanren
1277 2551 1422 2618 videtur

245 2686 526 2772 intellegentiam
550 2708 570 2772 a
591 2706 699 2754 sensu
720 2688 951 2767 discrevisse3
969 2688 1065 2773 apud
1090 2707 1172 2754 euni
1191 2685 1288 2754 enirn
1305 2683 1423 2760 φιλότησ

244 2826 298 2887 est
325 2840 340 2882 n
366 2820 415 2896 τήν
445 2821 492 2875 σὺν
515 2819 571 2890 νόῳ
597 2818 690 2895 δέρκευ
711 2818 774 2896 μηδ’
790 2818 908 2895 ὄμμασιν
921 2815 975 2897 ἧσο
995 2820 1149 2896 τεθηπώς»
1171 2816 1231 2905 (2)
1255 2819 1323 2885 Sed
1344 2821 1422 2886 hirc

245 2974 316 3022 uon
332 2954 533 3021 clarissime
548 2955 816 3033 discernuntur,
840 2955 886 3021 ita
908 2960 947 3022 ut
961 2954 1228 3041 Theophrastus
1249 2959 1343 3021 recte
1360 2954 1421 3039 ju-

215 3090 382 3163 dicasse
408 3089 570 3157 videatur
594 3108 679 3155 curn
709 3088 874 3166 dixit:·l
926 3088 1027 3145 ταυτὸν
1069 3088 1286 3166 propositum
1324 3086 1353 3144 ὃν
1386 3099 1420 3166 τῇ

245 3224 366 3301 αἰσθὴσει
385 3224 434 3300 τὴν
450 3221 590 3300 φρόνησιν.

288 3377 376 3445 Fieri
391 3377 488 3443 enirn
506 3396 576 3443 non
594 3382 731 3461 poterat
747 3382 785 3442 ut
798 3375 932 3459 optirne
947 3380 1082 3443 teneret
1097 3375 1185 3460 quid
1205 3381 1298 3441 esset
1314 3375 1418 3441 intel-

244 3513 358 3580 lectus
373 3511 616 3595 Empedocles
644 3509 760 3594 utqui
776 3508 1110 3575 crederetanhnarn
1127 3527 1205 3575 esse
1227 3508 1322 3594 quod
1346 3509 1421 3574 elli-

243 3648 359 3714 ciatur
385 3665 427 3712 ex
459 3645 581 3711 nrixtis
602 3643 847 3728 ordinatisque
872 3643 1097 3728 corporibus
1126 3649 1160 3709 et
1186 3662 1268 3709 cunr
1300 3643 1420 3710 altiori

231 3746 364 3849 *aninra
386 3780 570 3866 purioreni
592 3777 806 3863 sanguinent
832 3794 1031 3862 congruere
1053 3795 1060 3843 :

446 3963 515 4046 ᾳῖμα
537 3968 588 4041 γὰρ
611 3964 760 4040 ἀνθρώποις
779 3962 950 4039 περικαρδίον
975 3964 1032 4020 ἐστι
1053 3963 1144 4040 νόημα
1170 3963 1224 4040 (3).

290 4147 337 4217 Ex
359 4114 502 4214 Platone
527 4165 612 4240 vero
633 4144 790 4213 niaxinte
815 4145 947 4230 pendet
967 4143 1168 4211 Aristotelis
1192 4143 1354 4211 doctrina
1374 4144 1419 4212 de

244 4322 248 4327 “
278 4322 299 4368 l.
317 4318 353 4366 [lc
368 4328 411 4364 an.
424 4314 561 4376 utam
575 4315 640 4363 ahi.

275 4402 301 4449 2.
322 4397 362 4447 Cl.
382 4396 454 4458 apud
469 4394 614 4445 Zellcrum.
636 4396 727 4445 lloutr.
745 4396 776 4453 ll,
792 4395 838 4444 'tlh'i
852 4395 963 4453 notas2,
981 4393 1007 4442 3.
1023 4392 1096 4441 vers.
1113 4392 1187 4442 rto-:33
1208 4389 1333 4443 lllullach.

276 4481 302 4532 3.
321 4481 397 4528 vers.
414 4475 460 4524 :lut
480 4475 608 4527 hlullarh.
