3104 5182
557 1401 714 1470 CAPUT
739 1398 933 1487 SEXTHM

490 1614 533 1680 lie
550 1614 665 1719 spiritu
680 1613 763 1697 apud
778 1614 1012 1717 Hippocratem.

208 1829 364 1914 Spiritus
386 1823 563 1912 (ννεῦνατος)
584 1825 681 1893 notio
702 1827 817 1911 magis
841 1846 895 1893 ex·
912 1827 1334 1914 hippocraticisscriptis

162 1968 282 2030 manat
316 1980 427 2047 quam
457 1980 500 2045 ex
532 1959 758 2046 Empedoclis
787 1961 864 2046 ipsa
895 1961 1070 2030 doctrina.
1103 1962 1334 2049 Hippocrates

160 2103 280 2165 autern
306 2097 344 2162 in
367 2114 432 2162 sua
452 2095 496 2174 de
516 2094 635 2161 anima
652 2095 815 2162 doctrina
840 2096 1081 2182 conjungebat
1101 2116 1148 2175 ac,
1161 2097 1334 2176 concilia7

160 2233 216 2299 bat
232 2251 273 2298 ea
297 2248 379 2316 quar
394 2229 559 2296 dixerant
574 2233 608 2295 et
623 2227 855 2314 Empedocles
871 2235 905 2296 et
921 2193 1145 2316 Pythagorici
1159 2236 1193 2297 et
1206 2230 1335 2314 Dioge7

162 2384 225 2432 nes
254 2362 526 2450 Appolloniates
558 2359 602 2447 (is
641 2362 738 2428 enim
772 2363 1011 2431 contendebat
1034 2382 1160 2431 omnes
1188 2365 1334 2431 morbos

159 2505 298 2566 exstare
336 2496 433 2583 quod
463 2498 500 2563 in
547 2496 724 2580 sanguine
766 2503 829 2564 ant
858 2505 1074 2583 superesset,
1095 2505 1157 2565 aaut
1186 2498 1334 2566 deesset

159 2630 275 2716 aeri(
302 2629 326 2717 l·

203 2795 254 2860 Ac
287 2793 438 2860 lortasse
473 2790 704 2876 Hippocrates
735 2790 841 2857 illum
871 2791 1072 2858 doctrinam
1103 2792 1235 2877 prodiit
1263 2813 1334 2878 (μιν

159 2928 280 2995 anima
301 2926 347 2992 sit
371 2925 573 3006 harmonia,
598 2931 632 2992 et
660 2924 712 2991 illi
734 2924 944 2992 Aristoteles
960 2925 1110 2993 tortasse
1126 2927 1283 2994 occurrit
1299 2929 1335 2994 in

161 3063 277 3148 prima
298 3065 398 3147 parte
409 3059 465 3126 sni
482 3059 672 3126 de·Anima
691 3060 784 3140 libri,
803 3078 1012 3144 quanquam
1029 3078 1100 3127 non
1119 3060 1222 3146 longe
1236 3061 1334 3127 abest

161 3196 250 3280 quiin
269 3194 427 3281 qitodam
449 3194 556 3261 modo
571 3194 696 3261 eadem
717 3193 858 3260 sentiat.
877 3168 1098 3261 Themistius
1111 3195 1209 3260 enim
1224 3193 1333 3262 dicit:

161 3348 176 3385 n
207 3328 243 3386 Οἳ
271 3329 394 3403 λέγοντες
437 3328 568 3404 ἁρμονίαν
612 3329 663 3405 τὴν
704 3327 793 3404 ψυχην
835 3327 899 3384 οὔτε
937 3326 1017 3402 ἐγγυς
1051 3327 1115 3384 οὔτε
1141 3326 1235 3403 πόρρω
1269 3327 1336 3404 ἄγαν

160 3463 213 3531 zac
232 3453 356 3531 ἀληθείας
375 3471 404 3512 u·
423 3471 438 3512 α
462 3454 499 3510 Ol
517 3452 641 3527 λέγοντες
656 3477 672 3516 ν
695 3452 842 3538 quidem
879 3471 952 3520 non
977 3453 1171 3538 designare
1193 3453 1336 3520 videtur

162 3589 415 3675 Pythagoricos
432 3606 498 3655 nec
514 3587 747 3665 Heraclitum,
763 3593 803 3654 ut
823 3586 989 3653 nonnulli
1011 3593 1152 3672 putant,
1172 3587 1233 3653 sed
1256 3588 1336 3655 illos

163 3725 321 3792 medicos
354 3723 416 3809 qni
447 3722 697 3808 Empedoclem
728 3722 840 3788 secuti
871 3727 968 3795 sont,
997 3721 1107 3788 idest
1131 3723 1335 3806 proesertim

164 3856 445 3947 Hippocraticos.

165 4034 168 4040 ’
209 4016 247 4084 ln
277 4022 405 4104 quarto
432 4033 517 4084 vero
545 4014 887 4101 capiteprirnilibri
915 4015 959 4080 de
981 4014 1110 4081 Anima
1128 4015 1336 4084 Aristoteles

165 4151 394 4237 reprehendit
406 4151 506 4218 illam
523 4150 567 4216 de
582 4170 596 4211 l
613 4149 947 4217 anima-harmonia
968 4169 982 4211 n
997 4149 1210 4227 doctrinam,
1226 4169 1335 4236 (priam

165 4288 236 4374 jain
256 4285 353 4353 l¹lato
370 4286 405 4351 in
422 4283 597 4350 l‘lnedone
616 4289 651 4349 et
666 4249 875 4351 Aristoteles
891 4283 1019 4370 ipsein
1038 4282 1195 4351 Eudemo
1211 4255 1337 4370 suoisi

198 4458 219 4505 t.
231 4454 269 4506 cl.
286 4451 436 4516 tl‘enoldt,
453 4453 480 4501 tn
496 4449 577 4502 Arcu.
595 4449 615 4501 l.
631 4448 725 4514 tescit.
742 4451 791 4501 der
805 4450 907 4504 Philon.
957 4503 961 4511 ,
1075 4414 1080 4426 ι
