3104 5182
683 678 859 746 “10-

183 906 279 994 quod
304 907 342 972 in
367 907 411 972 iis
441 924 521 991 quer
538 904 686 972 sentiret
701 903 959 989 exprimendis,
983 904 1232 971 subobscurus
1248 907 1355 983 esset,

183 1057 393 1128 quanquam
410 1057 494 1106 vera
511 1039 689 1106 balbutire
709 1044 900 1106 conaretur
916 1035 976 1124 (l).

228 1174 409 1259 Quidquid
434 1175 477 1241 de
502 1174 569 1239 hac
585 1191 622 1239 re
638 1177 711 1240 tam
736 1178 966 1241 contraversa
986 1178 1040 1240 est
1061 1169 1120 1259 (a),
1139 1171 1242 1240 nobis
1263 1171 1360 1239 vide-

113 1389 117 1395 *
185 1317 243 1378 tur
259 1308 500 1376 demonstrari
520 1326 624 1393 posse
638 1307 819 1392 quomodo
838 1306 897 1373 ille
919 1306 1176 1392 Agrigentinus
1197 1307 1360 1393 philoso-

75 1509 79 1517 ,
185 1446 279 1531 pirus
293 1460 365 1509 una
382 1460 466 1509 cum
483 1442 628 1509 Platone
648 1442 743 1526 apud
765 1441 992 1508 Aristotelem
1009 1441 1053 1508 de
1073 1443 1181 1508 rebus
1208 1442 1252 1507 ad
1279 1441 1360 1508 ani-

185 1597 283 1644 mam
300 1577 565 1662 pertinentibus
582 1576 792 1643 auctoritaie
813 1575 977 1653 valuerit,
1000 1594 1085 1642 cum
1112 1576 1357 1661 Hippocrates,

185 1713 213 1796 si
235 1730 308 1778 non
322 1728 465 1794 semper
481 1715 516 1778 at
529 1715 624 1776 certe
641 1727 930 1793 nonnumquam,
949 1709 1042 1777 inter
1057 1709 1308 1794 Empedoclem
1326 1715 1360 1777 et

185 1843 415 1912 Aristotelem
433 1844 537 1927 quasi
555 1842 743 1910 vinculum
757 1891 761 1900 ,
774 1843 941 1910 elticeret.
980 1842 1212 1928 Empedocles
1246 1842 1357 1922 enim,

184 1983 224 2045 ut
240 1977 389 2055 seimus,
414 1975 616 2060 plurimum
631 1976 840 2044 auctoritate
857 1975 970 2043 valuit
984 1976 1080 2061 apud
1094 1975 1358 2062 Hippocratem,

185 2131 203 2179 a
220 2129 292 2197 quo
308 2109 423 2176 multa
440 2130 520 2195 quae
537 2109 633 2195 apud
649 2110 878 2178 Aristotelem
897 2110 1135 2177 inveniuntur
1151 2116 1324 2180 mananti

231 2242 400 2330 Ejusdem
417 2243 516 2310 illius
534 2244 758 2328 Empedoclis
775 2243 983 2310 Aristoteles
999 2244 1203 2312 doctrinam
1219 2246 1357 2330 probat,

185 2397 258 2446 non
289 2383 410 2443 tamen
439 2377 602 2457 onruino,
626 2395 669 2443 ex
697 2396 767 2461 qua
784 2379 857 2444 sint
883 2383 1039 2463 quatuor
1066 2379 1263 2446 elementa:
1299 2397 1360 2446 aer

187 2518 220 2578 et
250 2529 344 2595 aqua
365 2515 399 2576 et
420 2515 513 2577 terra
538 2516 572 2577 et
600 2511 704 2595 ignis.
729 2511 872 2578 Etcum
901 2511 974 2577 lere
1003 2511 1125 2577 omnia
1156 2532 1237 2598 quae
1268 2512 1359 2579 dixit

186 2646 286 2712 Plato
307 2643 350 2709 de
371 2644 448 2728 ipsa
473 2644 608 2722 anima,
631 2663 672 2710 ae
696 2644 897 2729 praesertim
923 2644 1045 2711 omnia
1067 2665 1148 2730 uuae
1163 2646 1201 2712 in
1225 2646 1360 2713 Timoeo

187 2796 253 2844 suo
282 2776 325 2842 ad
346 2776 507 2841 animam
531 2776 724 2861 pertinent,
752 2778 910 2861 mythico
936 2776 1021 2856 sint,
1046 2777 1255 2846 Aristoteles
1278 2778 1361 2845 inde

187 2916 334 2978 coactus
351 2914 405 2975 est
424 2909 570 2976 aliunde
587 2928 645 2976 res
664 2915 698 2977 et
722 2915 899 2996 praeopta
920 2911 1073 2977 trahere.
1096 2912 1174 2978 h'on
1194 2913 1290 2978 eninr
1308 2911 1360 2986 illi

187 3044 274 3112 satis
291 3061 369 3110 esse
391 3048 528 3127 poterat
545 3045 701 3110 rationes
723 3043 855 3111 reterre
876 3045 1010 3130 quibus
1035 3045 1113 3130 ipse
1138 3045 1236 3112 l'lato
1257 3047 1361 3131 quasi

187 3178 424 3247 confitebatur
445 3178 583 3244 nullam
602 3178 720 3245 inesse
737 3178 896 3245 veritatis
913 3184 1065 3264 partem.

232 3339 355 3423 ltaque
371 3337 469 3403 Plato
485 3339 581 3422 apud
601 3337 830 3406 Aristotelem
851 3339 1061 3405 auctoritate
1076 3341 1189 3409 valuit
1201 3294 1362 3407 ¹maxime

187 3474 225 3540 in
245 3492 285 3540 ea
316 3478 416 3557 parte
437 3472 516 3556 ejus
538 3473 709 3541 doctrinae
734 3492 815 3558 que
837 3472 882 3538 ad
911 3474 1068 3557 primam
1094 3475 1361 3560 philosophiam

110 3671 112 3674 ,
189 3606 355 3692 pertinet.
376 3605 460 3684 Quae
485 3624 571 3672 cum
597 3607 644 3672 ita
662 3607 746 3684 sint,
775 3624 847 3672 non
869 3611 941 3672 tam
959 3605 1064 3672 nobis
1085 3609 1152 3675 erit
1167 3608 1359 3674 consilium

189 3727 309 3806 omnia
335 3758 416 3823 quae
435 3738 603 3807 debuerit
633 3739 772 3807 Platoni
801 3740 1011 3807 Aristoteles
1044 3758 1222 3825 exponere
1252 3761 1362 3826 quam

189 3876 438 3940 demonstrare
459 3893 530 3958 quo
558 3874 662 3961 quasi
693 3875 839 3941 vinculo
865 3874 1097 3959 Empedocles
1118 3895 1202 3942 cum
1223 3876 1364 3942 Aristo-

190 4009 257 4076 tele
273 4008 353 4092 conj
361 4013 528 4093 ungatur.

221 4251 244 4297 l.
261 4248 409 4309 bletapbys.
424 4250 443 4297 l.
455 4248 478 4308 l,
496 4249 542 4300 985
555 4264 569 4297 a
580 4252 604 4299 l.

219 4340 246 4386 ⁶2.
264 4339 301 4387 Ci.
319 4338 391 4398 Diog.
408 4340 496 4387 Laert.
527 4329 595 4399 viu,
621 4338 659 4389 57.
678 4341 705 4387 et
726 4337 909 4395 Lemmatscb,
923 4337 1010 4399 Hegel,
1029 4337 1112 4398 Fries,
1130 4344 1201 4399 apud
1219 4337 1362 4398 Zellerum,

189 4427 237 4477 loo.
252 4428 297 4476 eit.
