<?xml version="1.0" encoding="UTF-8"?>
<!DOCTYPE html PUBLIC "-//W3C//DTD XHTML 1.0 Transitional//EN"
    "http://www.w3.org/TR/xhtml1/DTD/xhtml1-transitional.dtd">
<html xmlns="http://www.w3.org/1999/xhtml" xml:lang="en" lang="en">
 <head>
  <title>
</title>
<meta http-equiv="Content-Type" content="text/html;charset=utf-8" />
  <meta name='ocr-system' content='tesseract 3.04.00' />
  <meta name='ocr-capabilities' content='ocr_page ocr_carea ocr_par ocr_line ocrx_word'/>
</head>
<body>
  <div class='ocr_page' id='page_1' title='image "./quomodoapudaris00duprgoog_0037.png"; bbox 0 0 3104 5182; ppageno 0'>
   <div class='ocr_carea' id='block_1_1' title="bbox 669 643 853 747">
    <p class='ocr_par' dir='ltr' id='par_1_1' title="bbox 669 643 853 747">
     <span class='ocr_line' id='line_1_1' title="bbox 669 643 853 747; baseline -0.027 0"><span class='ocrx_word' id='word_1_1' title='bbox 669 643 853 747; x_wconf 46' lang='lat' dir='ltr'>&amp;72⁶ss</span> 
     </span>
    </p>
   </div>
   <div class='ocr_carea' id='block_1_2' title="bbox 189 867 1364 1225">
    <p class='ocr_par' dir='ltr' id='par_1_2' title="bbox 189 867 1364 1225">
     <span class='ocr_line' id='line_1_2' title="bbox 192 867 1361 956; baseline -0.003 -19"><span class='ocrx_word' id='word_1_2' title='bbox 192 869 321 937; x_wconf 87' lang='lat' dir='ltr'>Eadem</span> <span class='ocrx_word' id='word_1_3' title='bbox 342 888 486 956; x_wconf 86' lang='lat' dir='ltr'>quoque</span> <span class='ocrx_word' id='word_1_4' title='bbox 512 869 649 937; x_wconf 89' lang='lat' dir='ltr'>ratione</span> <span class='ocrx_word' id='word_1_5' title='bbox 671 869 880 937; x_wconf 87' lang='lat' dir='ltr'>Aristoteles</span> <span class='ocrx_word' id='word_1_6' title='bbox 906 869 993 937; x_wconf 92' lang='lat' dir='ltr'>dicit</span> <span class='ocrx_word' id='word_1_7' title='bbox 1021 867 1209 937; x_wconf 87' lang='lat' dir='ltr'>elementis</span> <span class='ocrx_word' id='word_1_8' title='bbox 1239 885 1361 935; x_wconf 92' lang='lat' dir='ltr'>rerum</span> 
     </span>
     <span class='ocr_line' id='line_1_3' title="bbox 190 1000 1364 1091; baseline -0.003 -19"><span class='ocrx_word' id='word_1_9' title='bbox 190 1023 263 1072; x_wconf 94' lang='lat' dir='ltr'>non</span> <span class='ocrx_word' id='word_1_10' title='bbox 285 1023 364 1072; x_wconf 90' lang='lat' dir='ltr'>esse</span> <span class='ocrx_word' id='word_1_11' title='bbox 388 1006 561 1083; x_wconf 82' lang='lat' dir='ltr'>animam,</span> <span class='ocrx_word' id='word_1_12' title='bbox 588 1005 684 1091; x_wconf 92' lang='lat' dir='ltr'>quod</span> <span class='ocrx_word' id='word_1_13' title='bbox 709 1023 782 1072; x_wconf 92' lang='lat' dir='ltr'>non</span> <span class='ocrx_word' id='word_1_14' title='bbox 809 1009 895 1072; x_wconf 88' lang='lat' dir='ltr'>sunt</span> <span class='ocrx_word' id='word_1_15' title='bbox 908 1013 1037 1090; x_wconf 80' lang='grc' dir='ltr'>ὀργανικὰ</span> <span class='ocrx_word' id='word_1_16' title='bbox 1051 1013 1179 1090; x_wconf 78' lang='grc' dir='ltr'><strong>σώματα,</strong></span> <span class='ocrx_word' id='word_1_17' title='bbox 1195 1003 1257 1072; x_wconf 87' lang='lat' dir='ltr'>sed</span> <span class='ocrx_word' id='word_1_18' title='bbox 1284 1000 1364 1070; x_wconf 89' lang='lat' dir='ltr'>ani-</span> 
     </span>
     <span class='ocr_line' id='line_1_4' title="bbox 189 1138 597 1225; baseline -0.005 -19"><span class='ocrx_word' id='word_1_19' title='bbox 189 1158 287 1206; x_wconf 88' lang='lat' dir='ltr'>mam</span> <span class='ocrx_word' id='word_1_20' title='bbox 308 1139 440 1225; x_wconf 91' lang='lat' dir='ltr'>plantis</span> <span class='ocrx_word' id='word_1_21' title='bbox 461 1138 597 1206; x_wconf 79' lang='lat' dir='ltr'>tribuit.</span> 
     </span>
    </p>
   </div>
   <div class='ocr_carea' id='block_1_3' title="bbox 234 1290 1364 1377">
    <p class='ocr_par' dir='ltr' id='par_1_3' title="bbox 234 1290 1364 1377">
     <span class='ocr_line' id='line_1_5' title="bbox 234 1290 1364 1377; baseline -0.004 -18"><span class='ocrx_word' id='word_1_22' title='bbox 234 1292 304 1359; x_wconf 89' lang='lat' dir='ltr'>Nec</span> <span class='ocrx_word' id='word_1_23' title='bbox 324 1310 451 1358; x_wconf 83' lang='lat' dir='ltr'>verum</span> <span class='ocrx_word' id='word_1_24' title='bbox 472 1291 684 1377; x_wconf 88' lang='lat' dir='ltr'>appetitum,</span> <span class='ocrx_word' id='word_1_25' title='bbox 712 1308 778 1358; x_wconf 92' lang='lat' dir='ltr'>nec</span> <span class='ocrx_word' id='word_1_26' title='bbox 798 1308 947 1358; x_wconf 91' lang='lat' dir='ltr'>sensum</span> <span class='ocrx_word' id='word_1_27' title='bbox 973 1290 1105 1377; x_wconf 82' lang='lat' dir='ltr'>plantae</span> <span class='ocrx_word' id='word_1_28' title='bbox 1126 1290 1259 1358; x_wconf 88' lang='lat' dir='ltr'>habere</span> <span class='ocrx_word' id='word_1_29' title='bbox 1278 1306 1364 1374; x_wconf 91' lang='lat' dir='ltr'>pos-</span> 
     </span>
    </p>
   </div>
   <div class='ocr_carea' id='block_1_4' title="bbox 187 1424 1363 2032">
    <p class='ocr_par' dir='ltr' id='par_1_4' title="bbox 187 1424 1363 2032">
     <span class='ocr_line' id='line_1_6' title="bbox 189 1424 1363 1512; baseline -0.003 -18"><span class='ocrx_word' id='word_1_30' title='bbox 189 1434 291 1507; x_wconf 83' lang='lat' dir='ltr'>sunt3</span> <span class='ocrx_word' id='word_1_31' title='bbox 306 1425 486 1512; x_wconf 87' lang='lat' dir='ltr'>appetitus</span> <span class='ocrx_word' id='word_1_32' title='bbox 499 1426 597 1492; x_wconf 91' lang='lat' dir='ltr'>enim</span> <span class='ocrx_word' id='word_1_33' title='bbox 612 1445 684 1494; x_wconf 92' lang='lat' dir='ltr'>non</span> <span class='ocrx_word' id='word_1_34' title='bbox 699 1425 844 1492; x_wconf 85' lang='lat' dir='ltr'>aliunde</span> <span class='ocrx_word' id='word_1_35' title='bbox 857 1444 968 1511; x_wconf 86' lang='lat' dir='ltr'>quam</span> <span class='ocrx_word' id='word_1_36' title='bbox 984 1444 1002 1493; x_wconf 99' lang='lat' dir='ltr'>e</span> <span class='ocrx_word' id='word_1_37' title='bbox 1019 1444 1127 1494; x_wconf 92' lang='lat' dir='ltr'>sensu</span> <span class='ocrx_word' id='word_1_38' title='bbox 1141 1424 1272 1500; x_wconf 93' lang='lat' dir='ltr'>oritur;</span> <span class='ocrx_word' id='word_1_39' title='bbox 1291 1442 1363 1491; x_wconf 94' lang='lat' dir='ltr'>non</span> 
     </span>
     <span class='ocr_line' id='line_1_7' title="bbox 189 1560 1360 1648; baseline -0.003 -20"><span class='ocrx_word' id='word_1_40' title='bbox 189 1563 298 1648; x_wconf 84' lang='lat' dir='ltr'>igitur</span> <span class='ocrx_word' id='word_1_41' title='bbox 318 1580 467 1630; x_wconf 92' lang='lat' dir='ltr'>sensum</span> <span class='ocrx_word' id='word_1_42' title='bbox 488 1561 525 1626; x_wconf 93' lang='lat' dir='ltr'>in</span> <span class='ocrx_word' id='word_1_43' title='bbox 541 1560 673 1646; x_wconf 86' lang='lat' dir='ltr'>plantis</span> <span class='ocrx_word' id='word_1_44' title='bbox 693 1560 1012 1646; x_wconf 82' lang='lat' dir='ltr'>deprehendimus,</span> <span class='ocrx_word' id='word_1_45' title='bbox 1035 1579 1101 1628; x_wconf 91' lang='lat' dir='ltr'>nec</span> <span class='ocrx_word' id='word_1_46' title='bbox 1115 1564 1255 1646; x_wconf 89' lang='lat' dir='ltr'>partem</span> <span class='ocrx_word' id='word_1_47' title='bbox 1279 1577 1360 1644; x_wconf 84' lang='lat' dir='ltr'>quae</span> 
     </span>
     <span class='ocr_line' id='line_1_8' title="bbox 188 1693 1360 1794; baseline -0.002 -33"><span class='ocrx_word' id='word_1_48' title='bbox 188 1698 328 1775; x_wconf 87' lang='lat' dir='ltr'>sentiat,</span> <span class='ocrx_word' id='word_1_49' title='bbox 345 1695 522 1794; x_wconf 20' lang='lat' dir='ltr'>nec-viam</span> <span class='ocrx_word' id='word_1_50' title='bbox 539 1693 583 1760; x_wconf 89' lang='lat' dir='ltr'>ad</span> <span class='ocrx_word' id='word_1_51' title='bbox 608 1693 754 1780; x_wconf 85' lang='lat' dir='ltr'>aliquod</span> <span class='ocrx_word' id='word_1_52' title='bbox 780 1694 964 1762; x_wconf 82' lang='lat' dir='ltr'>sensibile.</span> <span class='ocrx_word' id='word_1_53' title='bbox 989 1696 1079 1762; x_wconf 89' lang='lat' dir='ltr'>Cum</span> <span class='ocrx_word' id='word_1_54' title='bbox 1098 1699 1219 1762; x_wconf 91' lang='lat' dir='ltr'>autem</span> <span class='ocrx_word' id='word_1_55' title='bbox 1238 1710 1360 1760; x_wconf 89' lang='lat' dir='ltr'>senso-</span> 
     </span>
     <span class='ocr_line' id='line_1_9' title="bbox 188 1826 1360 1916; baseline -0.004 -20"><span class='ocrx_word' id='word_1_56' title='bbox 188 1831 240 1897; x_wconf 95' lang='lat' dir='ltr'>rio</span> <span class='ocrx_word' id='word_1_57' title='bbox 254 1836 398 1898; x_wconf 82' lang='lat' dir='ltr'>careant</span> <span class='ocrx_word' id='word_1_58' title='bbox 411 1830 555 1916; x_wconf 69' lang='lat' dir='ltr'>plante,</span> <span class='ocrx_word' id='word_1_59' title='bbox 578 1847 726 1895; x_wconf 89' lang='lat' dir='ltr'>sensum</span> <span class='ocrx_word' id='word_1_60' title='bbox 748 1829 844 1914; x_wconf 90' lang='lat' dir='ltr'>ipsas</span> <span class='ocrx_word' id='word_1_61' title='bbox 860 1828 992 1896; x_wconf 88' lang='lat' dir='ltr'>babere</span> <span class='ocrx_word' id='word_1_62' title='bbox 1008 1847 1081 1896; x_wconf 92' lang='lat' dir='ltr'>non</span> <span class='ocrx_word' id='word_1_63' title='bbox 1096 1826 1360 1895; x_wconf 89' lang='lat' dir='ltr'>admittendum</span> 
     </span>
     <span class='ocr_line' id='line_1_10' title="bbox 187 1965 341 2032; baseline 0 -1"><span class='ocrx_word' id='word_1_64' title='bbox 187 1965 341 2032; x_wconf 89' lang='lat' dir='ltr'>videtur.</span> 
     </span>
    </p>
   </div>
   <div class='ocr_carea' id='block_1_5' title="bbox 172 2102 1363 2726">
    <p class='ocr_par' dir='ltr' id='par_1_5' title="bbox 172 2102 1363 2726">
     <span class='ocr_line' id='line_1_11' title="bbox 230 2102 1363 2207; baseline -0.001 -36"><span class='ocrx_word' id='word_1_65' title='bbox 230 2106 409 2192; x_wconf 86' lang='lat' dir='ltr'>Appetitio</span> <span class='ocrx_word' id='word_1_66' title='bbox 437 2112 557 2173; x_wconf 85' lang='lat' dir='ltr'>tamen</span> <span class='ocrx_word' id='word_1_67' title='bbox 584 2105 750 2191; x_wconf 84' lang='lat' dir='ltr'>quaedam</span> <span class='ocrx_word' id='word_1_68' title='bbox 772 2105 823 2172; x_wconf 92' lang='lat' dir='ltr'>eis</span> <span class='ocrx_word' id='word_1_69' title='bbox 843 2105 956 2207; x_wconf 26' lang='lat' dir='ltr'>&#39;tribui</span> <span class='ocrx_word' id='word_1_70' title='bbox 983 2110 1111 2192; x_wconf 86' lang='lat' dir='ltr'>potest,</span> <span class='ocrx_word' id='word_1_71' title='bbox 1137 2102 1260 2191; x_wconf 85' lang='lat' dir='ltr'>(quam</span> <span class='ocrx_word' id='word_1_72' title='bbox 1286 2103 1363 2170; x_wconf 86' lang='lat' dir='ltr'>ele-</span> 
     </span>
     <span class='ocr_line' id='line_1_12' title="bbox 172 2226 1363 2325; baseline -0.002 -19"><span class='ocrx_word' id='word_1_73' title='bbox 172 2226 318 2306; x_wconf 75' lang='lat' dir='ltr'>&#39;mentis</span> <span class='ocrx_word' id='word_1_74' title='bbox 342 2239 430 2324; x_wconf 91' lang='lat' dir='ltr'>ipsis</span> <span class='ocrx_word' id='word_1_75' title='bbox 454 2257 526 2305; x_wconf 94' lang='lat' dir='ltr'>non</span> <span class='ocrx_word' id='word_1_76' title='bbox 550 2243 655 2324; x_wconf 86' lang='lat' dir='ltr'>negat</span> <span class='ocrx_word' id='word_1_77' title='bbox 674 2256 752 2304; x_wconf 89' lang='lat' dir='ltr'>esse</span> <span class='ocrx_word' id='word_1_78' title='bbox 771 2235 1013 2325; x_wconf 84' lang='lat' dir='ltr'>Aristoteles);</span> <span class='ocrx_word' id='word_1_79' title='bbox 1036 2238 1098 2306; x_wconf 92' lang='lat' dir='ltr'>sed</span> <span class='ocrx_word' id='word_1_80' title='bbox 1121 2238 1182 2306; x_wconf 93' lang='lat' dir='ltr'>illa</span> <span class='ocrx_word' id='word_1_81' title='bbox 1206 2233 1363 2305; x_wconf 84' lang='lat' dir='ltr'>coniun-</span> 
     </span>
     <span class='ocr_line' id='line_1_13' title="bbox 186 2356 1361 2458; baseline 0 -18"><span class='ocrx_word' id='word_1_82' title='bbox 186 2375 283 2442; x_wconf 87' lang='lat' dir='ltr'>ditur</span> <span class='ocrx_word' id='word_1_83' title='bbox 298 2393 384 2440; x_wconf 92' lang='lat' dir='ltr'>cum</span> <span class='ocrx_word' id='word_1_84' title='bbox 403 2372 522 2439; x_wconf 86' lang='lat' dir='ltr'>alendi</span> <span class='ocrx_word' id='word_1_85' title='bbox 545 2373 772 2458; x_wconf 85' lang='lat' dir='ltr'>augendique</span> <span class='ocrx_word' id='word_1_86' title='bbox 790 2370 970 2452; x_wconf 79' lang='lat' dir='ltr'>facultate,</span> <span class='ocrx_word' id='word_1_87' title='bbox 989 2391 1073 2458; x_wconf 87' lang='lat' dir='ltr'>quoe</span> <span class='ocrx_word' id='word_1_88' title='bbox 1088 2356 1361 2458; x_wconf 81' lang='lat' dir='ltr'>plantis&#39;negari</span> 
     </span>
     <span class='ocr_line' id='line_1_14' title="bbox 187 2503 1360 2593; baseline -0.002 -19"><span class='ocrx_word' id='word_1_89' title='bbox 187 2527 259 2574; x_wconf 95' lang='lat' dir='ltr'>non</span> <span class='ocrx_word' id='word_1_90' title='bbox 274 2512 391 2593; x_wconf 86' lang='lat' dir='ltr'>potest</span> <span class='ocrx_word' id='word_1_91' title='bbox 403 2507 448 2573; x_wconf 88' lang='lat' dir='ltr'>ab</span> <span class='ocrx_word' id='word_1_92' title='bbox 463 2506 652 2573; x_wconf 83' lang='lat' dir='ltr'>Aristotele</span> <span class='ocrx_word' id='word_1_93' title='bbox 670 2524 678 2571; x_wconf 91' lang='lat'><strong>:</strong></span> <span class='ocrx_word' id='word_1_94' title='bbox 697 2507 798 2592; x_wconf 86' lang='lat' dir='ltr'>signa</span> <span class='ocrx_word' id='word_1_95' title='bbox 814 2506 911 2573; x_wconf 93' lang='lat' dir='ltr'>enim</span> <span class='ocrx_word' id='word_1_96' title='bbox 925 2507 1058 2574; x_wconf 88' lang='lat' dir='ltr'>babent</span> <span class='ocrx_word' id='word_1_97' title='bbox 1072 2506 1204 2592; x_wconf 88' lang='lat' dir='ltr'>quibus</span> <span class='ocrx_word' id='word_1_98' title='bbox 1220 2503 1268 2572; x_wconf 93' lang='lat' dir='ltr'>ali</span> <span class='ocrx_word' id='word_1_99' title='bbox 1283 2504 1360 2572; x_wconf 90' lang='lat' dir='ltr'>sine</span> 
     </span>
     <span class='ocr_line' id='line_1_15' title="bbox 187 2639 1313 2726; baseline -0.003 -18"><span class='ocrx_word' id='word_1_100' title='bbox 187 2642 261 2708; x_wconf 93' lang='lat' dir='ltr'>ullo</span> <span class='ocrx_word' id='word_1_101' title='bbox 281 2640 391 2707; x_wconf 90' lang='lat' dir='ltr'>dubio</span> <span class='ocrx_word' id='word_1_102' title='bbox 411 2647 585 2725; x_wconf 90' lang='lat' dir='ltr'>apparent</span> <span class='ocrx_word' id='word_1_103' title='bbox 604 2645 638 2706; x_wconf 91' lang='lat' dir='ltr'>et</span> <span class='ocrx_word' id='word_1_104' title='bbox 658 2658 818 2706; x_wconf 87' lang='lat' dir='ltr'>crescere</span> <span class='ocrx_word' id='word_1_105' title='bbox 838 2645 960 2726; x_wconf 90' lang='lat' dir='ltr'>aperte</span> <span class='ocrx_word' id='word_1_106' title='bbox 979 2639 1313 2725; x_wconf 88' lang='lat' dir='ltr'>deprehenduntur.</span> 
     </span>
    </p>
   </div>
   <div class='ocr_carea' id='block_1_6' title="bbox 758 2870 788 2936">
    <p class='ocr_par' dir='ltr' id='par_1_6' title="bbox 758 2870 788 2936">
     <span class='ocr_line' id='line_1_16' title="bbox 758 2870 788 2936; baseline 0 0"><span class='ocrx_word' id='word_1_107' title='bbox 758 2870 788 2936; x_wconf 92' lang='lat' dir='ltr'>ll</span> 
     </span>
    </p>
   </div>
   <div class='ocr_carea' id='block_1_7' title="bbox 179 3094 1360 4389">
    <p class='ocr_par' dir='ltr' id='par_1_7' title="bbox 179 3094 1360 4260">
     <span class='ocr_line' id='line_1_17' title="bbox 231 3094 1360 3183; baseline 0 -20"><span class='ocrx_word' id='word_1_108' title='bbox 231 3096 463 3183; x_wconf 87' lang='lat' dir='ltr'>Empedocles</span> <span class='ocrx_word' id='word_1_109' title='bbox 488 3114 572 3161; x_wconf 88' lang='lat' dir='ltr'>vero</span> <span class='ocrx_word' id='word_1_110' title='bbox 597 3095 761 3162; x_wconf 89' lang='lat' dir='ltr'>ordinem</span> <span class='ocrx_word' id='word_1_111' title='bbox 791 3094 1052 3181; x_wconf 82' lang='lat' dir='ltr'>perfectionum</span> <span class='ocrx_word' id='word_1_112' title='bbox 1080 3112 1153 3162; x_wconf 92' lang='lat' dir='ltr'>non</span> <span class='ocrx_word' id='word_1_113' title='bbox 1177 3094 1264 3175; x_wconf 76' lang='lat' dir='ltr'>satis</span> <span class='ocrx_word' id='word_1_114' title='bbox 1289 3094 1360 3174; x_wconf 78' lang='lat' dir='ltr'>ins·</span> 
     </span>
     <span class='ocr_line' id='line_1_18' title="bbox 179 3230 1358 3319; baseline -0.003 -19"><span class='ocrx_word' id='word_1_115' title='bbox 179 3232 328 3319; x_wconf 91' lang='lat' dir='ltr'>pexisse</span> <span class='ocrx_word' id='word_1_116' title='bbox 360 3231 514 3297; x_wconf 89' lang='lat' dir='ltr'>videtur.</span> <span class='ocrx_word' id='word_1_117' title='bbox 551 3230 698 3309; x_wconf 84' lang='lat' dir='ltr'>Sexum,</span> <span class='ocrx_word' id='word_1_118' title='bbox 735 3236 774 3298; x_wconf 92' lang='lat' dir='ltr'>ut</span> <span class='ocrx_word' id='word_1_119' title='bbox 806 3230 972 3315; x_wconf 87' lang='lat' dir='ltr'>exemplo</span> <span class='ocrx_word' id='word_1_120' title='bbox 1011 3234 1170 3310; x_wconf 88' lang='lat' dir='ltr'>utamur,</span> <span class='ocrx_word' id='word_1_121' title='bbox 1202 3230 1358 3298; x_wconf 83' lang='lat' dir='ltr'>mixtum</span> 
     </span>
     <span class='ocr_line' id='line_1_19' title="bbox 186 3365 1360 3456; baseline 0.001 -21"><span class='ocrx_word' id='word_1_122' title='bbox 186 3367 318 3454; x_wconf 90' lang='lat' dir='ltr'>plantis</span> <span class='ocrx_word' id='word_1_123' title='bbox 334 3385 412 3432; x_wconf 87' lang='lat' dir='ltr'>esse</span> <span class='ocrx_word' id='word_1_124' title='bbox 437 3366 630 3434; x_wconf 88' lang='lat' dir='ltr'>arbitratus</span> <span class='ocrx_word' id='word_1_125' title='bbox 658 3371 723 3446; x_wconf 88' lang='lat' dir='ltr'>est,</span> <span class='ocrx_word' id='word_1_126' title='bbox 754 3384 826 3451; x_wconf 90' lang='lat' dir='ltr'>quo</span> <span class='ocrx_word' id='word_1_127' title='bbox 846 3365 886 3433; x_wconf 86' lang='lat' dir='ltr'>fit</span> <span class='ocrx_word' id='word_1_128' title='bbox 912 3369 952 3432; x_wconf 85' lang='lat' dir='ltr'>ut</span> <span class='ocrx_word' id='word_1_129' title='bbox 980 3365 1091 3432; x_wconf 90' lang='lat' dir='ltr'>simul</span> <span class='ocrx_word' id='word_1_130' title='bbox 1115 3365 1294 3432; x_wconf 84' lang='lat' dir='ltr'>femineus</span> <span class='ocrx_word' id='word_1_131' title='bbox 1318 3383 1360 3456; x_wconf 72' lang='lat' dir='ltr'>ac</span> 
     </span>
     <span class='ocr_line' id='line_1_20' title="bbox 186 3498 1358 3585; baseline -0.001 -17"><span class='ocrx_word' id='word_1_132' title='bbox 186 3502 412 3569; x_wconf 88' lang='lat' dir='ltr'>masculinus</span> <span class='ocrx_word' id='word_1_133' title='bbox 442 3519 550 3567; x_wconf 87' lang='lat' dir='ltr'>sexus</span> <span class='ocrx_word' id='word_1_134' title='bbox 580 3501 617 3567; x_wconf 92' lang='lat' dir='ltr'>in</span> <span class='ocrx_word' id='word_1_135' title='bbox 643 3501 694 3567; x_wconf 92' lang='lat' dir='ltr'>eis</span> <span class='ocrx_word' id='word_1_136' title='bbox 728 3499 940 3584; x_wconf 88' lang='lat' dir='ltr'>reperiatur.</span> <span class='ocrx_word' id='word_1_137' title='bbox 972 3498 1071 3580; x_wconf 86' lang='lat' dir='ltr'>Quod</span> <span class='ocrx_word' id='word_1_138' title='bbox 1100 3499 1249 3585; x_wconf 89' lang='lat' dir='ltr'>quidem</span> <span class='ocrx_word' id='word_1_139' title='bbox 1286 3518 1358 3567; x_wconf 95' lang='lat' dir='ltr'>non</span> 
     </span>
     <span class='ocr_line' id='line_1_21' title="bbox 185 3632 1359 3719; baseline -0.001 -17"><span class='ocrx_word' id='word_1_140' title='bbox 185 3636 395 3704; x_wconf 82' lang='lat' dir='ltr'>Aristoteles</span> <span class='ocrx_word' id='word_1_141' title='bbox 417 3654 544 3702; x_wconf 86' lang='lat' dir='ltr'>verum</span> <span class='ocrx_word' id='word_1_142' title='bbox 568 3653 647 3702; x_wconf 92' lang='lat' dir='ltr'>esse</span> <span class='ocrx_word' id='word_1_143' title='bbox 669 3634 818 3702; x_wconf 94' lang='lat' dir='ltr'>omnino</span> <span class='ocrx_word' id='word_1_144' title='bbox 844 3638 961 3719; x_wconf 78' lang='lat' dir='ltr'>negat,</span> <span class='ocrx_word' id='word_1_145' title='bbox 984 3632 1046 3700; x_wconf 90' lang='lat' dir='ltr'>sed</span> <span class='ocrx_word' id='word_1_146' title='bbox 1067 3632 1136 3701; x_wconf 93' lang='lat' dir='ltr'>alio</span> <span class='ocrx_word' id='word_1_147' title='bbox 1165 3633 1273 3700; x_wconf 92' lang='lat' dir='ltr'>modo</span> <span class='ocrx_word' id='word_1_148' title='bbox 1296 3651 1359 3701; x_wconf 91' lang='lat' dir='ltr'>ve-</span> 
     </span>
     <span class='ocr_line' id='line_1_22' title="bbox 185 3766 1359 3855; baseline -0.003 -17"><span class='ocrx_word' id='word_1_149' title='bbox 185 3790 268 3838; x_wconf 92' lang='lat' dir='ltr'>rum</span> <span class='ocrx_word' id='word_1_150' title='bbox 292 3788 370 3837; x_wconf 89' lang='lat' dir='ltr'>esse</span> <span class='ocrx_word' id='word_1_151' title='bbox 393 3774 505 3855; x_wconf 90' lang='lat' dir='ltr'>putat.</span> <span class='ocrx_word' id='word_1_152' title='bbox 530 3768 619 3835; x_wconf 85' lang='lat' dir='ltr'>Nam</span> <span class='ocrx_word' id='word_1_153' title='bbox 647 3786 727 3854; x_wconf 83' lang='lat' dir='ltr'>quae</span> <span class='ocrx_word' id='word_1_154' title='bbox 758 3785 815 3833; x_wconf 89' lang='lat' dir='ltr'>res</span> <span class='ocrx_word' id='word_1_155' title='bbox 839 3767 1104 3852; x_wconf 85' lang='lat' dir='ltr'>permiscentur</span> <span class='ocrx_word' id='word_1_156' title='bbox 1125 3766 1359 3852; x_wconf 82' lang='lat' dir='ltr'>primosim-</span> 
     </span>
     <span class='ocr_line' id='line_1_23' title="bbox 184 3900 1360 3992; baseline -0.003 -20"><span class='ocrx_word' id='word_1_157' title='bbox 184 3906 297 3992; x_wconf 89' lang='lat' dir='ltr'>plices</span> <span class='ocrx_word' id='word_1_158' title='bbox 322 3905 359 3971; x_wconf 93' lang='lat' dir='ltr'>in</span> <span class='ocrx_word' id='word_1_159' title='bbox 380 3922 417 3970; x_wconf 90' lang='lat' dir='ltr'>se</span> <span class='ocrx_word' id='word_1_160' title='bbox 433 3921 511 3970; x_wconf 90' lang='lat' dir='ltr'>esse</span> <span class='ocrx_word' id='word_1_161' title='bbox 530 3902 672 3982; x_wconf 87' lang='lat' dir='ltr'>debent,</span> <span class='ocrx_word' id='word_1_162' title='bbox 697 3907 737 3968; x_wconf 95' lang='lat' dir='ltr'>ut</span> <span class='ocrx_word' id='word_1_163' title='bbox 756 3901 892 3968; x_wconf 92' lang='lat' dir='ltr'>scilicet</span> <span class='ocrx_word' id='word_1_164' title='bbox 916 3900 962 3968; x_wconf 89' lang='lat' dir='ltr'>sit</span> <span class='ocrx_word' id='word_1_165' title='bbox 976 3917 1045 3986; x_wconf 89' lang='lat' dir='ltr'>per</span> <span class='ocrx_word' id='word_1_166' title='bbox 1060 3917 1098 3967; x_wconf 90' lang='lat' dir='ltr'>se</span> <span class='ocrx_word' id='word_1_167' title='bbox 1118 3902 1303 3969; x_wconf 88' lang='lat' dir='ltr'>masculus</span> <span class='ocrx_word' id='word_1_168' title='bbox 1325 3906 1360 3969; x_wconf 89' lang='lat' dir='ltr'>et</span> 
     </span>
     <span class='ocr_line' id='line_1_24' title="bbox 186 4032 1360 4126; baseline -0.002 -20"><span class='ocrx_word' id='word_1_169' title='bbox 186 4060 252 4126; x_wconf 88' lang='lat' dir='ltr'>per</span> <span class='ocrx_word' id='word_1_170' title='bbox 277 4057 315 4106; x_wconf 91' lang='lat' dir='ltr'>se</span> <span class='ocrx_word' id='word_1_171' title='bbox 336 4038 502 4118; x_wconf 76' lang='lat' dir='ltr'>tundnau,</span> <span class='ocrx_word' id='word_1_172' title='bbox 521 4036 649 4103; x_wconf 88' lang='lat' dir='ltr'>deinde</span> <span class='ocrx_word' id='word_1_173' title='bbox 669 4035 965 4103; x_wconf 84' lang='lat' dir='ltr'>commiscentur.</span> <span class='ocrx_word' id='word_1_174' title='bbox 983 4034 1096 4102; x_wconf 79' lang='lat' dir='ltr'>Actus</span> <span class='ocrx_word' id='word_1_175' title='bbox 1112 4032 1210 4102; x_wconf 89' lang='lat' dir='ltr'>enim</span> <span class='ocrx_word' id='word_1_176' title='bbox 1231 4034 1360 4104; x_wconf 90' lang='lat' dir='ltr'>dividit</span> 
     </span>
     <span class='ocr_line' id='line_1_25' title="bbox 187 4172 630 4260; baseline -0.009 -19"><span class='ocrx_word' id='word_1_177' title='bbox 187 4175 400 4260; x_wconf 87' lang='lat' dir='ltr'>priusquam</span> <span class='ocrx_word' id='word_1_178' title='bbox 422 4172 630 4255; x_wconf 80' lang='lat' dir='ltr'>contundat.</span> 
     </span>
    </p>

    <p class='ocr_par' dir='ltr' id='par_1_8' title="bbox 234 4302 1358 4389">
     <span class='ocr_line' id='line_1_26' title="bbox 234 4302 1358 4389; baseline -0.003 -14"><span class='ocrx_word' id='word_1_179' title='bbox 234 4308 301 4375; x_wconf 90' lang='lat' dir='ltr'>Sed</span> <span class='ocrx_word' id='word_1_180' title='bbox 318 4326 390 4373; x_wconf 92' lang='lat' dir='ltr'>non</span> <span class='ocrx_word' id='word_1_181' title='bbox 406 4306 589 4373; x_wconf 91' lang='lat' dir='ltr'>invenitur</span> <span class='ocrx_word' id='word_1_182' title='bbox 612 4303 812 4371; x_wconf 89' lang='lat' dir='ltr'>masculina</span> <span class='ocrx_word' id='word_1_183' title='bbox 829 4308 957 4372; x_wconf 90' lang='lat' dir='ltr'>natura</span> <span class='ocrx_word' id='word_1_184' title='bbox 979 4307 1059 4370; x_wconf 90' lang='lat' dir='ltr'>actu</span> <span class='ocrx_word' id='word_1_185' title='bbox 1081 4302 1118 4370; x_wconf 95' lang='lat' dir='ltr'>in</span> <span class='ocrx_word' id='word_1_186' title='bbox 1143 4302 1218 4369; x_wconf 94' lang='lat' dir='ltr'>ulla</span> <span class='ocrx_word' id='word_1_187' title='bbox 1237 4303 1358 4389; x_wconf 89' lang='lat' dir='ltr'>planta</span> 
     </span>
    </p>
   </div>
   <div class='ocr_carea' id='block_1_8' title="bbox 190 4443 1357 4535">
    <p class='ocr_par' dir='ltr' id='par_1_9' title="bbox 190 4443 1357 4535">
     <span class='ocr_line' id='line_1_27' title="bbox 190 4443 1357 4535; baseline -0.003 -16"><span class='ocrx_word' id='word_1_188' title='bbox 190 4451 353 4519; x_wconf 69' lang='lat' dir='ltr'>femineae</span> <span class='ocrx_word' id='word_1_189' title='bbox 375 4449 568 4535; x_wconf 86' lang='lat' dir='ltr'>conjuncta</span> <span class='ocrx_word' id='word_1_190' title='bbox 592 4452 730 4515; x_wconf 88' lang='lat' dir='ltr'>naturae</span> <span class='ocrx_word' id='word_1_191' title='bbox 738 4467 746 4526; x_wconf 89' lang='lat'>;</span> <span class='ocrx_word' id='word_1_192' title='bbox 764 4447 860 4533; x_wconf 91' lang='lat' dir='ltr'>quod</span> <span class='ocrx_word' id='word_1_193' title='bbox 885 4446 915 4513; x_wconf 92' lang='lat' dir='ltr'>si</span> <span class='ocrx_word' id='word_1_194' title='bbox 937 4443 1042 4526; x_wconf 89' lang='lat' dir='ltr'>esset,</span> <span class='ocrx_word' id='word_1_195' title='bbox 1062 4445 1184 4533; x_wconf 89' lang='lat' dir='ltr'>planta</span> <span class='ocrx_word' id='word_1_196' title='bbox 1208 4445 1357 4516; x_wconf 92' lang='lat' dir='ltr'>animali</span> 
     </span>
    </p>
   </div>
   <div class='ocr_carea' id='block_1_9' title="bbox 0 0 1556 5182">
    <p class='ocr_par' dir='ltr' id='par_1_10' title="bbox 0 0 1556 5182">
     <span class='ocr_line' id='line_1_28' title="bbox 0 0 1556 5182; baseline 0 1"><span class='ocrx_word' id='word_1_197' title='bbox 0 0 1556 5182; x_wconf 95' lang='lat' dir='ltr'> </span> 
     </span>
    </p>
   </div>
  </div>
 </body>
</html>
