3136 5228
704 639 890 706 441-

195 843 462 956 'eognoseendae
482 833 638 947 suntal:
667 865 773 949 etiam
804 864 964 932 animam
991 861 1202 930 sensitivam
1229 843 1374 926 easdem

194 985 300 1091 ¹ipsas
316 1005 476 1090 accipere
492 1003 627 1069 formas
642 1019 732 1086 quas
750 995 956 1066 elementa?
973 998 1047 1078 Quo
1063 976 1159 1064 enim
1176 979 1375 1062 solomodo

195 1110 281 1206 'lieri
304 1143 419 1225 potest
448 1135 615 1222 cognitio,
646 1154 730 1220 qum
764 1120 973 1219 semperin
989 1133 1056 1198 hoe
1075 1127 1253 1197 constabit
1279 1127 1375 1214 quod

194 1246 409 1359 ⁴subjeetum
426 1272 460 1339 et
476 1271 656 1359 objectum
677 1253 792 1335 unum
810 1273 917 1353 atque
933 1267 1027 1333 idem
1045 1269 1141 1331 sunt.

175 1503 177 1508 ·
248 1462 370 1547 ltaque
393 1477 499 1546 porro
515 1476 599 1524 eum
625 1455 857 1522 sensibilibus
881 1453 1006 1522 formis
1029 1453 1141 1520 insint
1168 1472 1304 1538 eaquae
1322 1453 1374 1519 in-

204 1595 314 1682 telligi
348 1600 512 1680 possunt,
536 1600 652 1676 neque
677 1591 820 1676 penitus
851 1595 978 1657 natura
1006 1590 1098 1656 inter
1128 1608 1165 1655 se
1194 1588 1371 1667 differant,

203 1721 305 1788 taoile
325 1721 476 1807 intelligi
493 1728 609 1807 potest
633 1743 761 1791 sensus
784 1743 863 1791 esse
892 1723 1057 1809 uitandam
1072 1721 1304 1808 disceptatrix
1319 1721 1374 1786 ta-

169 1825 320 1957 ¹sonltas
339 1859 379 1932 :t
408 1854 527 1931 αἴσθησις
552 1859 651 1934 aptant
682 1856 793 1933 δύναμις
808 1855 868 1944 (l).
897 1856 1091 1924 Sensibiles
1121 1853 1218 1922 enim
1248 1855 1373 1921 lormae

180 1978 457 2091 ''i'ndioantq‘uae
483 1991 634 2077 intelligi
655 1999 817 2085 possunt.

757 2304 817 2370 Vll

241 2592 412 2684 Memoria
428 2623 463 2685 et
482 2618 647 2704 cogitatio
663 2624 759 2685 arete
789 2637 873 2686 eum
891 2637 1001 2685 sensu
1019 2603 1122 2703 [prasi
1138 2617 1369 2704 colligantur.

197 2754 351 2820 Biaehus
374 2758 495 2820 autern
521 2753 655 2838 optime
677 2754 834 2820 ostendit
848 2754 1030 2840 quomodo
1058 2753 1268 2821 Aristoteles
1294 2754 1371 2839 ple·
1476 2745 1478 2750 ’

196 2907 352 2975 rumque
369 2885 526 2955 Platonis
542 2887 717 2974 quasdam
733 2878 928 2956 sententias
943 2888 1118 2970 retulerit
1133 2889 1171 2953 in
1187 2889 1255 2954 hao
1271 2893 1370 2973 parte

196 3042 271 3104 suae
298 3023 342 3088 ad
362 3023 523 3088 animam
544 3022 756 3108 pertinen-,tis
776 3023 967 3111 doetrinae
996 3025 1086 3090 Cum
1116 3023 1214 3089 enirn
1236 3022 1371 3090 Aristo·

196 3159 283 3226 telos
309 3155 363 3245 (2)
386 3158 600 3224 memoriam
630 3157 716 3225 dieit
743 3158 1060 3225 esse'sensibilem
1091 3157 1369 3243 impressionem

194 3274 384 3378 repetitam
406 3310 471 3358 nos
493 3291 662 3357 admonet
691 3291 854 3358 locorum
878 3291 1045 3358 Theaeteti
1065 3295 1099 3357 et
1115 3291 1251 3358 Philebi
1268 3288 1315 3377 (3)
1333 3291 1370 3356 in

195 3428 327 3512 quibus
348 3405 616 3511 animatabnlae
636 3426 819 3492 eonlertur
843 3432 906 3493 aul
931 3404 1066 3493 libello}
1087 3426 1176 3493 Cum
1198 3430 1369 3512 praeterea

193 3530 414 3648 donatillam
425 3541 504 3627 esse
518 3560 622 3644 quasi
639 3559 820 3644 quoddam
833 3560 1021 3627 residuum
1037 3561 1225 3628 ernotihus
1236 3580 1273 3628 re
1290 3550 1369 3627 sen-

194 3667 291 3787 naar
325 3691 521 3779 aretusa)
540 3712 604 3761 nos
633 3694 802 3779 anatona
836 3695 999 3763 locorum
1028 3695 1149 3761 armar
1184 3693 1240 3781 (45
1268 3694 1305 3779 u)
1335 3701 1369 3764 et

196 3803 475 3918 nitendum.

194 4044 213 4056 ··
237 4006 327 4074 Ctlllt
354 4006 509 4092 denique
528 4017 714 4094 pauperantur
739 4011 893 4078 secernit
922 4012 966 4090 ab
990 4019 1245 4098 ἀναμιμνήσκεσθαι,
1261 4018 1368 4097 μγήμτμν

224 4178 248 4224 1.
266 4173 374 4236 Analyt.
386 4178 459 4236 post.
474 4176 505 4225 99
521 4177 538 4224 b
554 4176 638 4227 31-35.

222 4265 245 4313 2.
262 4265 299 4313 De
315 4256 432 4325 momssl,
444 4265 515 4314 l50a
527 4265 568 4316 30.

164 4382 167 4390 ·
221 4354 246 4404 3.
261 4352 417 4413 tuerentur
434 4368 456 4404 c.
473 4353 543 4403 Phil.
563 4355 594 4405 ³8
608 4356 636 4404 E.

221 4445 247 4493 4.
269 4443 305 4492 De
319 4455 399 4498 mom,
416 4426 459 4492 aar
478 4445 550 4496 all.
