3104 5182
584 1262 745 1335 creor
769 1246 1019 1337 sumtuum

490 1461 539 1526 ie
560 1461 666 1526 anina
690 1477 757 1527 oum
776 1476 905 1546 corporo
927 1460 1105 1542 conjuncta.

261 1697 366 1783 Apud
395 1697 592 1776 Platonem,
622 1716 753 1784 corpus
783 1715 846 1783 per
881 1696 1158 1764 similitudinem
1187 1693 1392 1781 appellatur

219 1840 293 1907 αῃμα
318 1831 512 1917 quoddam,
535 1850 579 1898 ex
599 1851 670 1918 quo
690 1833 810 1899 anima
831 1851 941 1918 quam
967 1831 1154 1898 celerrime
1178 1829 1301 1915 lugere
1326 1829 1391 1896 de-

219 1964 309 2030 beat.
326 1961 524 2031 Necessitas
538 1963 635 2030 enim
651 1982 782 2049 corpus
795 1982 879 2030 cum
903 1964 1022 2031 anima
1037 1962 1227 2049 conjunxit
1240 1959 1301 2048 (l).
1320 1961 1393 2028 Nec

221 2098 372 2182 sapienti
396 2098 555 2166 timenda
570 2104 625 2165 est
646 2117 768 2165 mors:
785 2099 1038 2167 immortalitas
1053 2099 1153 2165 beata
1166 2097 1393 2182 insequenda

219 2238 273 2301 est
289 2232 397 2300 morti
413 2233 585 2319 sapientis
601 2233 760 2300 hominis
787 2231 847 2320 (2).
1348 2198 1350 2203 Ι

264 2366 370 2453 Apud
404 2372 526 2435 autem
561 2367 813 2454 Empedoclem
849 2368 1000 2454 reperiri
1038 2372 1190 2454 possunt
1222 2365 1392 2452 quaedam

219 2501 426 2587 theologica
480 2502 666 2570 sententiae
700 2500 885 2589 (καθάρματα)
922 2521 1002 2588 quae
1050 2502 1151 2569 nullo
1187 2501 1306 2581 modo,
1351 2519 1394 2567 ex

121 2681 124 2688 -
220 2637 335 2723 ipsius
355 2637 481 2704 Zelleri
504 2633 692 2718 sententia,
717 2645 872 2726 possunt
893 2657 976 2705 cum
1001 2638 1045 2705 de
1066 2636 1295 2723 philosophia
1320 2636 1397 2721 opi-

221 2771 391 2840 nionibus
407 2769 633 2858 Empedoclis
658 2774 829 2860 conjungi
839 2792 847 2852 3
871 2791 937 2840 nec
956 2773 1000 2839 iis
1016 2777 1069 2839 est
1084 2772 1158 2839 ulla
1177 2789 1263 2838 oum
1279 2770 1398 2855 ipsius

222 2905 411 2990 principiis
449 2906 618 2974 affinitas.
654 2907 761 2993 Apud
796 2906 894 2975 enim
930 2905 1195 2991 Empedoclem,
1229 2903 1400 2989 physices

222 3040 400 3127 principia
412 3041 457 3108 ad
470 3043 601 3110 animan
619 3042 928 3111 immortalitatem
941 3041 1134 3127 pertinenti
1154 3037 1327 3106 doctrinae
1346 3057 1402 3106 re·

223 3181 399 3263 pugnant.

194 3426 196 3431 .
267 3328 373 3416 Apud
398 3329 553 3415 denique
580 3328 822 3408 Aristotelem,
855 3329 953 3395 illius
979 3328 1090 3414 partis
1110 3327 1240 3394 animm
1264 3330 1318 3392 est
1334 3325 1404 3394 im-

224 3465 436 3543 mortalitas
459 3464 517 3530 cui
531 3470 586 3553 est
605 3470 752 3532 externa
768 3464 879 3549 origo,
903 3463 938 3529 id
960 3468 1014 3530 est
1027 3462 1230 3529 intellectus
1246 3459 1400 3544 agentis,

223 3599 286 3684 qui
301 3598 432 3665 animae
451 3597 621 3665 humanae
653 3598 797 3684 propria
824 3597 976 3663 facultas
1006 3615 1078 3664 non
1102 3596 1171 3663 dici
1188 3599 1304 3680 potest
1325 3591 1403 3681 (sed

224 3732 343 3818 potius
363 3750 381 3799 e
397 3731 467 3799 Deo
483 3731 637 3799 inillam
657 3729 853 3818 emanare).

269 3867 346 3935 Non
384 3872 555 3952 praterea
582 3869 774 3936 hominum
806 3873 840 3935 et
874 3866 1089 3934 animalium
1123 3870 1157 3933 et
1195 3864 1404 3951 plantarum

196 4003 205 4096 ᾗ
225 4004 355 4082 animae
376 4002 517 4088 sejungi
533 4009 686 4088 possunt
700 4022 719 4068 a
735 4002 895 4087 corporis
912 4001 1100 4068 harmonia
1116 4007 1150 4068 ot
1169 4000 1213 4066 ab
1228 4000 1306 4084 ipso
1321 4016 1406 4064 cor-

225 4155 324 4223 pore.
341 4137 481 4222 ltaque
508 4136 642 4204 trustra
677 4136 852 4221 quaeritur
879 4153 1058 4220 corpusne
1083 4140 1117 4203 et
1137 4133 1258 4201 anima
1284 4144 1405 4198 unum

227 4277 325 4354 sunt,
356 4277 396 4340 ut
422 4272 557 4339 trustra
586 4277 765 4358 quareret
796 4271 978 4357 quispiam
1011 4289 1101 4337 num
1132 4287 1214 4337 cera
1244 4265 1406 4352 separari

259 4435 282 4482 l.
297 4433 434 4490 Politlous,
450 4433 497 4484 309
511 4435 544 4484 Α.

258 4514 285 4565 2.
305 4514 335 4565 ot
349 4513 455 4566 Phoedr.
470 4514 516 4566 alt
530 4515 558 4565 G.
