3136 5228
694 589 939 671 -n-'

197 827 298 894 nulla
321 831 375 895 est
399 827 468 893 alia
493 845 602 894 causa
625 827 694 894 nisi
715 829 812 913 quod
831 829 1008 895 terminus
1025 835 1078 897 est
1094 835 1127 896 et
1143 829 1364 916 principium

196 960 382 1027 finitarum
409 980 545 1029 rerum.
569 961 618 1028 Ex
644 962 705 1029 illa
732 966 853 1029 autem
876 970 1020 1031 emanat
1046 969 1080 1031 et
1099 964 1171 1031 vita
1191 968 1225 1032 et
1244 971 1365 1033 motus

196 1113 373 1162 unacum
396 1095 566 1162 omnibus
588 1102 760 1180 φαινομένοις
784 1115 865 1181 quae
881 1115 923 1163 ex
944 1094 1006 1164 illo
1021 1097 1125 1180 fiunt,
1147 1103 1181 1167 et
1201 1098 1315 1166 forma
1332 1103 1365 1167 et

196 1229 354 1295 finitum.
367 1229 469 1314 Haud
485 1247 589 1296 seous
605 1247 647 1295 ao
662 1229 756 1310 ldea',
768 1229 829 1296 illa
850 1236 903 1296 est
916 1231 1126 1316 incorporea
1141 1236 1175 1299 et
1190 1232 1365 1299 adversus

197 1382 213 1426 u
240 1363 565 1447 phaenomenorum
594 1383 610 1426 n
646 1363 919 1434 multitudinem
963 1365 1138 1432 unitatem
1172 1366 1297 1450 ponit3
1333 1371 1366 1433 et

134 1473 137 1478 ¹
196 1501 236 1563 ut
251 1496 331 1564 Idea
348 1497 425 1583 ipsa
440 1503 494 1564 est
509 1485 730 1583 principium
750 1497 912 1583 primum
927 1502 962 1565 et
982 1505 1120 1566 naturae
1135 1499 1362 1567 antecedens.

197 1631 264 1700 Sed
280 1633 349 1699 hoo
363 1649 446 1698 oum
465 1631 547 1698 ldea
563 1632 742 1718 discrepat
762 1632 858 1718 quod
879 1651 951 1700 non
971 1637 1071 1701 extra
1091 1634 1364 1714 multitudinem

126 1845 129 1850 ¹
195 1772 249 1834 est
263 1764 359 1852 (quoe
375 1767 444 1832 sub
464 1784 592 1833 sensus
608 1772 663 1833 est
678 1762 852 1852 subjeota)
869 1771 903 1834 et
925 1785 968 1833 ex
984 1767 1075 1834 ideis
1091 1774 1214 1835 manat
1229 1769 1363 1868 anima.⁴

195 1901 307 1986 Igitur
323 1898 583 1968 haudmultum
598 1902 698 1969 abest
713 1901 803 1986 quin
828 1901 874 1968 sit
889 1901 985 1987 apud
1005 1901 1191 1969 Platonem
1210 1908 1249 1969 ut
1268 1902 1365 1989 apud

195 2035 527 2104 Aristotelemmera
538 2037 653 2104 forma
663 2043 697 2104 ot
707 2055 816 2104 causa
828 2055 911 2121 quoe
928 2043 1049 2103 movet
1060 2042 1094 2104 et
1108 2055 1217 2104 causa
1231 2039 1361 2105 finalis.

195 2170 404 2238 Aristoteles
426 2176 567 2251 autem,
599 2189 684 2238 oum
713 2171 799 2237 dicit
830 2170 929 2237 ldeas
954 2189 1034 2256 quae
1058 2172 1155 2257 apud
1180 2172 1365 2239 Platonem

195 2324 305 2390 supra
329 2324 394 2372 sen
414 2324 476 2372 sus
500 2311 598 2386 sunt,
627 2323 753 2390 reapse
775 2304 910 2370 formas
937 2310 1196 2382 assentorias
1217 2306 1364 2391 quidem

195 2439 257 2505 sed
268 2441 376 2507 rebus
388 2440 528 2520 insitae,
543 2440 674 2507 anime
688 2440 846 2507 servavit
859 2439 980 2506 locum
999 2439 1161 2507 medium
1177 2446 1211 2508 et
1223 2442 1364 2527 corpori

195 2591 287 2658 praes
308 2575 469 2641 lantiam.
