3136 5228
586 1198 1025 1312 CONCLUSIO

254 1873 358 1960 Apud
372 1873 602 1940 Aristotelem
624 1872 783 1939 vidimus
805 1872 987 1939 Platonem
1009 1877 1043 1938 et
1059 1870 1309 1956 Empedoclem
1327 1871 1383 1938 ri-

125 2014 129 2023 '
212 2008 334 2074 eissim
369 2008 523 2074 alterum
560 2007 662 2073 alteri
701 2012 883 2091 praestare.
917 2005 1020 2072 Nunc
1058 2011 1179 2072 autom
1206 2005 1308 2071 nobis
1344 2005 1380 2072 in

210 2161 322 2227 pauca
337 2160 481 2207 summa
497 2141 713 2208 conterenda
733 2147 798 2218 est,
814 2146 851 2207 ut
867 2140 912 2206 ad
927 2140 1095 2207 nltinmm
1113 2139 1379 2224 comperiantur

208 2276 386 2368 onjnsqne
402 2276 602 2342 doctrinam
619 2294 702 2342 cum
719 2276 869 2343 alterius
887 2294 956 2342 non
973 2275 1122 2341 omnino
1143 2275 1178 2340 in
1192 2274 1381 2342 Aristotele

208 2409 486 2476 accommodari.

254 2545 419 2612 Doctrina
440 2544 585 2630 quidem
613 2563 693 2628 qnae
722 2543 766 2609 ad
791 2543 985 2628 potentiam
1012 2549 1044 2609 et
1069 2548 1189 2609 actum
1214 2543 1385 2628 pertinet„

208 2699 288 2766 quae
322 2678 430 2745 tinius
460 2677 661 2745 Aristotelis
690 2684 754 2756 est,
787 2678 935 2745 torsilan
966 2677 1148 2744 rideretur
1176 2678 1266 2744 duas
1300 2677 1380 2744 illas

208 2813 370 2879 diversas
386 2812 569 2878 doctrinas
591 2811 626 2877 in
643 2830 753 2878 unam
771 2811 931 2896 redigere
952 2830 1067 2896 posse.
1087 2811 1154 2878 Sed
1177 2810 1380 2905 Empedocli

210 2947 352 3014 videtur
369 2946 517 3013 materia
535 2946 621 3012 satis
637 2964 730 3024 esse,
749 2951 786 3011 nt
801 2945 861 3030 qui
878 2963 1010 3030 corpus
1028 2946 1184 3012 niaxinre
1202 2945 1378 3030 inspiciat,

209 3079 350 3148 Platoni
359 3086 483 3147 contra
506 3079 631 3145 torma.
651 3078 756 3164 Apud
777 3084 897 3146 autem
914 3078 1141 3147 Aristotelem
1161 3098 1231 3147 non
1246 3080 1381 3177 injuria
1420 3075 1422 3080 ’

210 3214 427 3282 dubitaverit
443 3213 624 3300 quispiam
641 3214 729 3299 quin
749 3213 862 3280 torma
877 3214 1077 3280 secundum
1097 3213 1279 3282 l'latonem
1296 3233 1385 3294 cuni

209 3350 357 3417 materia
388 3349 589 3416 secundnm
611 3348 862 3433 Empedoclem
878 3367 1078 3436 congruere
1100 3350 1223 3435 possit.

253 3484 397 3550 Materia
417 3483 514 3549 enim
535 3488 586 3550 est
604 3483 700 3568 ‹pnod
716 3501 779 3568 per
799 3502 837 3549 se
857 3483 1003 3568 quidem
1026 3502 1097 3551 non
1113 3484 1301 3552 delinitum
1314 3490 1380 3563 est,

209 3618 342 3704 quippe
376 3617 472 3702 (prod
508 3618 553 3684 sil
568 3625 617 3702 tle,
632 3625 665 3682 τὸ
680 3625 808 3701 ἀόριστον
839 3616 898 3703 ll).
942 3618 1026 3685 lnde
1062 3620 1225 3705 seqnitur
1253 3625 1292 3687 nt
1322 3620 1381 3687 illa

210 3752 357 3818 materia
375 3753 444 3818 sul)
466 3751 746 3837 intellegentiam
767 3753 894 3819 cadere
915 3772 986 3820 non
1007 3754 1132 3839 possit.
1152 3754 1186 3820 Si
1203 3772 1287 3840 ergo
1307 3772 1383 3821 cor-

210 3907 278 3973 pns
308 3887 455 3953 materia
481 3887 586 3952 estin
613 3887 691 3971 eins
716 3889 886 3955 extremis
912 3888 1111 3963 elementis,
1136 3908 1207 3955 non
1225 3889 1381 3975 intellegi

211 4017 338 4097 potest,
359 4031 474 4097 neqne
491 4013 566 4079 lieri
586 4019 699 4098 polest
718 4019 754 4080 nl
781 4020 896 4080 totum
919 4014 962 4079 ad
979 4014 1153 4098 quasdam
1170 4021 1285 4082 certas
1313 4016 1382 4081 lor-

211 4166 288 4213 mas
304 4147 500 4230 redigatur.
529 4147 665 4232 (ltaque
695 4166 737 4214 ex
763 4148 965 4216 Aristotelis
982 4149 1156 4215 sententia
1203 4151 1292 4215 linnt
1319 4168 1381 4234 per

212 4281 398 4347 materiam
421 4281 633 4365 individua).

241 4469 264 4514 l.
281 4466 317 4514 lle
331 4479 375 4514 an.
390 4465 418 4525 tl,
434 4467 457 4525 t,
468 4466 514 4514 tlt
528 4480 542 4514 a
558 4467 573 4514 :5
586 4471 611 4514 el
628 4467 740 4529 passim.
